@book{zakas,
  title={Professional javascript for web developers},
  author={Zakas, Nicholas C},
  year={2009},
  publisher={John Wiley \& Sons}
}

@article{deridder,
  title={The immediate prospects for the application of ontologies in digital libraries},
  author={DeRidder, Jody L},
  journal={KO KNOWLEDGE ORGANIZATION},
  volume={34},
  number={4},
  pages={227--246},
  year={2007},
  publisher={Nomos Verlagsgesellschaft mbH \& Co. KG}
}

@article{antopol,
  title={Процедура формирования макротезауруса политематических информационных систем},
  author={Антопольский, АБ and Белоозеров, ВН},
  journal={Классификация и кодирование},
  number={1},
  pages={57},
  year={1976}
}
